@inproceedings{GAN,
    title={Generative adversarial nets},
    author={Goodfellow, Ian and Pouget-Abadie, Jean and Mirza, Mehdi and Xu, Bing and Warde-Farley, David and Ozair, Sherjil and Courville, Aaron and Bengio, Yoshua},
    booktitle={Advances in neural information processing systems},
    pages={2672--2680},
    year={2014}
}
@inproceedings{CartoonGAN,
    title={Cartoongan: Generative adversarial networks for photo cartoonization},
    author={Chen, Yang and Lai, Yu-Kun and Liu, Yong-Jin},
    booktitle={Proceedings of the IEEE Conference on Computer Vision and Pattern Recognition},
    pages={9465--9474},
    year={2018}
}
@inproceedings{dcGAN,
  title={Unsupervised representation learning with deep convolutional generative adversarial networks},
  author={Radford, Alec and Metz, Luke and Chintala, Soumith},
  booktitle = "International Conference on Learning Representations",
  year={2016}
}
@inproceedings{SRGAN,
  title={Photo-realistic single image super-resolution using a generative adversarial network},
  author={Ledig, Christian and Theis, Lucas and Husz{\'a}r, Ferenc and Caballero, Jose and Cunningham, Andrew and Acosta, Alejandro and Aitken, Andrew and Tejani, Alykhan and Totz, Johannes and Wang, Zehan and others},
  booktitle={Proceedings of the IEEE conference on computer vision and pattern recognition},
  pages={4681--4690},
  year={2017}
}
@article{VGG,
  title={Very deep convolutional networks for large-scale image recognition},
  author={Simonyan, Karen and Zisserman, Andrew},
  journal={arXiv preprint arXiv:1409.1556},
  year={2014}
}
@book{rosin2012image,
    title={Image and video-based artistic stylisation},
    author={Rosin, Paul and Collomosse, John},
    volume={42},
    year={2012},
    publisher={Springer Science \& Business Media}
}
@inproceedings{saito1990comprehensible,
    title={Comprehensible rendering of 3-D shapes},
    author={Saito, Takafumi and Takahashi, Tokiichiro},
    booktitle={ACM SIGGRAPH Computer Graphics},
    volume={24},
    number={4},
    pages={197--206},
    year={1990},
    organization={ACM}
}
@techreport{luque2012cel,
    title={The cel shading technique},
    author={Luque, Raul Reyes},
    year={2012},
    institution={Citeseer}
}
@inproceedings{winnemoller2006real,
    title={Real-time video abstraction},
    author={Winnem{\"o}ller, Holger and Olsen, Sven C and Gooch, Bruce},
    booktitle={ACM Transactions On Graphics (TOG)},
    volume={25},
    number={3},
    pages={1221--1226},
    year={2006},
    organization={ACM}
}
@inproceedings{xu2011image,
    title={Image smoothing via L 0 gradient minimization},
    author={Xu, Li and Lu, Cewu and Xu, Yi and Jia, Jiaya},
    booktitle={ACM Transactions on Graphics (TOG)},
    volume={30},
    number={6},
    pages={174},
    year={2011},
    organization={ACM}
}
@inproceedings{yang2010semantics,
  title={Semantics-driven portrait cartoon stylization},
  author={Yang, Ming and Lin, Shu and Luo, Ping and Lin, Liang and Chao, Hongyang},
  booktitle={2010 IEEE International Conference on Image Processing},
  pages={1805--1808},
  year={2010},
  organization={IEEE}
}
@inproceedings{rosin2015non,
  title={Non-photorealistic rendering of portraits},
  author={Rosin, Paul L and Lai, Yu-Kun},
  booktitle={Proceedings of the workshop on Computational Aesthetics},
  pages={159--170},
  year={2015},
  organization={Eurographics Association}
}
@inproceedings{krizhevsky2012imagenet,
    title={Imagenet classification with deep convolutional neural networks},
    author={Krizhevsky, Alex and Sutskever, Ilya and Hinton, Geoffrey E},
    booktitle={Advances in neural information processing systems},
    pages={1097--1105},
    year={2012}
}
@article{lawrence1997face,
  title={Face recognition: A convolutional neural-network approach},
  author={Lawrence, Steve and Giles, C Lee and Tsoi, Ah Chung and Back, Andrew D},
  journal={IEEE transactions on neural networks},
  volume={8},
  number={1},
  pages={98--113},
  year={1997},
  publisher={IEEE}
}
@inproceedings{NST,
  title={Image style transfer using convolutional neural networks},
  author={Gatys, Leon A and Ecker, Alexander S and Bethge, Matthias},
  booktitle={Proceedings of the IEEE conference on computer vision and pattern recognition},
  pages={2414--2423},
  year={2016}
}
@article{gatys2015texture,
  title={Texture synthesis and the controlled generation of natural stimuli using convolutional neural networks},
  author={Gatys, Leon A and Ecker, Alexander S and Bethge, Matthias},
  journal={arXiv preprint arXiv:1505.07376},
  volume={12},
  pages={4},
  year={2015}
}
@article{reed2016generative,
  title={Generative adversarial text to image synthesis},
  author={Reed, Scott and Akata, Zeynep and Yan, Xinchen and Logeswaran, Lajanugen and Schiele, Bernt and Lee, Honglak},
  journal={arXiv preprint arXiv:1605.05396},
  year={2016}
}
@article{yeh2016semantic,
  title={Semantic image inpainting with perceptual and contextual losses},
  author={Yeh, Raymond and Chen, Chen and Lim, Teck Yian and Hasegawa-Johnson, Mark and Do, Minh N},
  journal={arXiv preprint arXiv:1607.07539},
  volume={2},
  pages={3},
  year={2016}
}
@inproceedings{ledig2017photo,
  title={Photo-realistic single image super-resolution using a generative adversarial network},
  author={Ledig, Christian and Theis, Lucas and Husz{\'a}r, Ferenc and Caballero, Jose and Cunningham, Andrew and Acosta, Alejandro and Aitken, Andrew and Tejani, Alykhan and Totz, Johannes and Wang, Zehan and others},
  booktitle={Proceedings of the IEEE conference on computer vision and pattern recognition},
  pages={4681--4690},
  year={2017}
}
@article{dumoulin2016adversarially,
  title={Adversarially learned inference},
  author={Dumoulin, Vincent and Belghazi, Ishmael and Poole, Ben and Mastropietro, Olivier and Lamb, Alex and Arjovsky, Martin and Courville, Aaron},
  journal={arXiv preprint arXiv:1606.00704},
  year={2016}
}
@inproceedings{isola2017image,
  title={Image-to-image translation with conditional adversarial networks},
  author={Isola, Phillip and Zhu, Jun-Yan and Zhou, Tinghui and Efros, Alexei A},
  booktitle={Proceedings of the IEEE conference on computer vision and pattern recognition},
  pages={1125--1134},
  year={2017}
}
@article{karacan2016learning,
  title={Learning to generate images of outdoor scenes from attributes and semantic layouts},
  author={Karacan, Levent and Akata, Zeynep and Erdem, Aykut and Erdem, Erkut},
  journal={arXiv preprint arXiv:1612.00215},
  year={2016}
}